<record><leader>00000cas a2200000 a 4500</leader><controlfield tag="001">10222307</controlfield><controlfield tag="008">831215d1837186umeuin ne      0    0eng c</controlfield><datafield ind1=" " ind2=" " tag="010"><subfield code="a">sn 83021439 </subfield></datafield><datafield ind1=" " ind2=" " tag="040"><subfield code="a">NPX</subfield><subfield code="b">eng</subfield><subfield code="c">NPX</subfield><subfield code="d">NPU</subfield><subfield code="d">DLC</subfield><subfield code="d">MBN</subfield><subfield code="d">OCL</subfield><subfield code="d">OCLCG</subfield><subfield code="d">DLC</subfield><subfield code="d">OCLCQ</subfield><subfield code="d">OCLCF</subfield><subfield code="d">OCLCO</subfield></datafield><datafield ind1="1" ind2=" " tag="029"><subfield code="a">AU@</subfield><subfield code="b">000020124166</subfield></datafield><datafield ind1=" " ind2=" " tag="042"><subfield code="a">pcc</subfield></datafield><datafield ind1=" " ind2=" " tag="043"><subfield code="a">n-us-me</subfield></datafield><datafield ind1="0" ind2="0" tag="050"><subfield code="a">Newspaper</subfield></datafield><datafield ind1="0" ind2=" " tag="130"><subfield code="a">Age (Augusta, Me. : Triweekly)</subfield></datafield><datafield ind1="1" ind2="4" tag="245"><subfield code="a">The age.</subfield></datafield><datafield ind1="1" ind2="3" tag="246"><subfield code="a">Tri-weekly age</subfield><subfield code="f">1837</subfield></datafield><datafield ind1="1" ind2="3" tag="246"><subfield code="a">Thrice-weekly age</subfield><subfield code="f">1839-1840, 1843, 1847-July 1849, June 1850-&lt;1861&gt;</subfield></datafield><datafield ind1="1" ind2="3" tag="246"><subfield code="a">Age thrice-weekly</subfield><subfield code="f">July 1849-June 1850</subfield></datafield><datafield ind1=" " ind2=" " tag="260"><subfield code="a">Augusta, Me. :</subfield><subfield code="b">Smith &amp; Robinson,</subfield><subfield code="c">1837-</subfield></datafield><datafield ind1=" " ind2=" " tag="300"><subfield code="a">v. ;</subfield><subfield code="c">39-42 cm.</subfield></datafield><datafield ind1=" " ind2=" " tag="310"><subfield code="a">Triweekly during sessions of the legislature</subfield></datafield><datafield ind1="0" ind2=" " tag="362"><subfield code="a">Vol. 2, no. 1 (Jan. 5, 1837)-</subfield></datafield><datafield ind1=" " ind2=" " tag="500"><subfield code="a">Editor: R.D. Rice, &lt;1846-1847&gt;.</subfield></datafield><datafield ind1=" " ind2=" " tag="500"><subfield code="a">Publishers: William R. Smith &amp; Co., &lt;1840-1843&gt;; Wm. T. Johnson, &lt;1846-1855&gt;; E.G. Hedge &amp; Co., &lt;1858-1859&gt;; Daniel T. Pike, &lt;1861&gt;.</subfield></datafield><datafield ind1=" " ind2=" " tag="525"><subfield code="a">Extras accompany some issues.</subfield></datafield><datafield ind1=" " ind2=" " tag="530"><subfield code="a">Also issued on microfilm from the Library of Congress, Photoduplication Service.</subfield></datafield><datafield ind1=" " ind2="0" tag="651"><subfield code="a">Augusta (Me.)</subfield><subfield code="v">Newspapers.</subfield></datafield><datafield ind1=" " ind2="7" tag="655"><subfield code="a">Newspapers.</subfield><subfield code="2">fast</subfield><subfield code="0">(OCoLC)fst01423814</subfield></datafield><datafield ind1=" " ind2="7" tag="651"><subfield code="a">Maine</subfield><subfield code="z">Augusta.</subfield><subfield code="2">fast</subfield><subfield code="0">(OCoLC)fst01209573</subfield></datafield><datafield ind1="1" ind2=" " tag="700"><subfield code="a">Rice, Richard Drury,</subfield><subfield code="d">1810-1882.</subfield></datafield><datafield ind1=" " ind2=" " tag="752"><subfield code="a">United States</subfield><subfield code="b">Maine</subfield><subfield code="c">Kennebec</subfield><subfield code="d">Augusta.</subfield></datafield><datafield ind1="0" ind2=" " tag="775"><subfield code="t">Age (Augusta, Me. : Weekly)</subfield><subfield code="w">(DLC)sn 82014563</subfield></datafield><datafield ind1="0" ind2="0" tag="780"><subfield code="t">Tri-weekly age</subfield><subfield code="w">(DLC)sn 82015745</subfield></datafield></record>